<?xml version="1.0" encoding="UTF-8"?><collection xmlns="http://www.loc.gov/MARC21/slim"><record><leader>00703nam--2200205-i-4500</leader><controlfield tag="001">000009137</controlfield><controlfield tag="002">20161230</controlfield><controlfield tag="005">20161230201028</controlfield><controlfield tag="008">060222s1000------------r-----000-0-eng-d</controlfield><datafield ind1=" " ind2=" " tag="040"><subfield code="a">IFIN-HH</subfield></datafield><datafield ind1=" " ind2=" " tag="080"><subfield code="a">535.338.4</subfield></datafield><datafield ind1="1" ind2=" " tag="100"><subfield code="a">Phillips, John G</subfield></datafield><datafield ind1="1" ind2="0" tag="245"><subfield code="a">The swan system of the c2 molecule</subfield><subfield code="b">The spectrum of the hgh molecule</subfield><subfield code="c">Photrographed, measured and analyzed under the direction of john j. phillips and sunmer p. davis</subfield></datafield><datafield ind1=" " ind2=" " tag="260"><subfield code="a">LOS ANGELES</subfield><subfield code="b">University Of California Press</subfield><subfield code="c">1968</subfield></datafield><datafield ind1=" " ind2=" " tag="300"><subfield code="a">260p</subfield></datafield><datafield ind1=" " ind2=" " tag="490"><subfield code="a">Berkeley Analyses Of Molecular Spectra</subfield><subfield code="v">Vol. 2</subfield></datafield><datafield ind1=" " ind2="0" tag="650"><subfield code="a">Mercury Hydride</subfield><subfield code="x">Spectra</subfield></datafield><datafield ind1="1" ind2=" " tag="700"><subfield code="a">Davis, Sunmer P</subfield></datafield><datafield ind1=" " ind2=" " tag="852"><subfield code="a">31839</subfield><subfield code="c">535</subfield></datafield><datafield ind1=" " ind2=" " tag="CAT"><subfield code="a">Sys</subfield><subfield code="c">20101027</subfield><subfield code="h">145936</subfield></datafield></record></collection>